@misc{basar2024lecturenotescontroltheory,
	title={Lecture Notes on Control System Theory and Design}, 
	author={Tamer Basar and Sean Meyn and William R. Perkins},
	year={2024},
	eprint={2007.01367},
	archivePrefix={arXiv},
	primaryClass={math.OC},
	url={https://arxiv.org/abs/2007.01367}, 
}

@book{Meyn_2022,
	place={Cambridge},
	title={Control Systems and Reinforcement Learning},
	publisher={Cambridge University Press},
	author={Meyn, Sean},
	year={2022}
}